@Book{Kopka:Latex_pruvodce,
author = "Kopka, Helmut and Daly, Patrick W.",
title = "{{\LaTeX}} -- kompletní průvodce",
publisher = "Computer Press",
year = "2004",
edition = "3",
address = "Brno",
isbn = "80--7226--973--9",
}

@Book{Lamport:Latex,
author = "Leslie, Lamport",
title = "{{\LaTeX}} -- A Document Preparation System",
publisher = "Addison--Wesley",
year = "2003",
edition = "2",
address = "Indianapolis",
isbn = "0--201--52983--1",
}

@BachelorThesis{Bunka:Moznosti_grafiky,
author = "Buňka, Roman",
title = "Možnosti grafiky a prezentace v~systémech TEX a LATEX",
school = "VUT FEKT v~Brně",
address = "Brno",
year = "2008",
}

@MasterThesis{Jiricek:Zivy_font,
author = "Jiříček, Milan",
title = "Živý font",
school = "VUT FEKT v~Brně",
address = "Brno",
year = "2012",
}

@Misc{Cerna:Typografie,
author = "Černá, Lenka",
title = "Typografie",
howpublished = "online",
revised = "Poslední změna 21. března 2005",
cited = "!2018-04-14",
url = "www.phil.muni.cz/{{\verb|~|}}lcerna/typografie.pdf",
}

@Misc{Siebert:The_Evolution_of_Typography:_A_Brief_History,
author = "John Siebert",
title = "The Evolution of Typography: A Brief History",
howpublished = "online",
revised = "Poslední změna 10. června 2015",
cited = "!2018-04-14",
url = "http://www.printmag.com/typography/evolution-typography-history/",
}

@Misc{Storm:Co_se_da_jeste_napsat_o_typografii,
author = "František Štorm",
title = "Co se dá ještě napsat o~typografii",
howpublished = "online",
revised = "Poslední změna 1. ledna 1999",
cited = "!2018-04-14",
url = "http://souvislosti.cz/299/storm.html",
}

@InProceedings{TeX_conf:Proc,
author = "Syropulos, Apostolos and Berry, Karl and others",
title = "Tex, XML, and Digital Typography",
booktitle = "International Conference on TeX, XML, and Digital Typography Held Jointly with the 25th Annual Meeting of the TeX User Group",
address = "Berlin",
publisher = "Springer--Verlag",
year = "2004",
isbn = "3--540--22801--2",
}

@Article{Print:Type_3.0:_The_Future_of_Typography_Today,
author = "Matteson, Steve",
title = "Type 3.0: The Future of Typography Today",
journal = "Print",
year = "2015",
number = "1",
pages = "6",
issn = "",
}

@Article{HOW:A_Brief_History_of_Typography_1928_-_1980,
author = "Ellen, Shapiro",
title = "A Brief History of Typography 1928 -- 1980",
journal = "HOW",
year = "2012",
number = "3",
pages = "8",
issn = "0886--0483",
}
